@article{di2010calcium,
	title={Calcium-dependent regulation of SNARE-mediated membrane fusion by calmodulin},
	author={Di Giovanni, Jerome and Iborra, C{\'e}cile and Maulet, Yves and L{\'e}v{\^e}que, Christian and El Far, Oussama and Seagar, Michael},
	journal={Journal of Biological Chemistry},
	pages={jbc--M109},
	year={2010},
	publisher={ASBMB}
}

@article{braell1984glycoprotein,
	title={The glycoprotein that is transported between successive compartments of the Golgi in a cell-free system resides in stacks of cisternae},
	author={Braell, William A and Balch, William E and Dobbertin, Darrell C and Rothman, James E},
	journal={Cell},
	volume={39},
	number={3},
	pages={511--524},
	year={1984},
	publisher={Elsevier}
}

@article{he2009differential,
	title={Differential palmitoylation of the endosomal SNAREs syntaxin 7 and syntaxin 8},
	author={He, Yuhong and Linder, Maurine E},
	journal={Journal of lipid research},
	volume={50},
	number={3},
	pages={398--404},
	year={2009},
	publisher={ASBMB}
}

@article{fries1981transient,
	title={Transient activity of Golgi-like membranes as donors of vesicular stomatitis viral glycoprotein in vitro.},
	author={Fries, Erik and Rothman, James E},
	journal={The Journal of cell biology},
	volume={90},
	number={3},
	pages={697--704},
	year={1981},
	publisher={Rockefeller University Press}
}

@article{weber1998snarepins,
	title={SNAREpins: minimal machinery for membrane fusion},
	author={Weber, Thomas and Zemelman, Boris V and McNew, James A and Westermann, Benedikt and Gmachl, Michael and Parlati, Francesco and S{\"o}llner, Thomas H and Rothman, James E},
	journal={Cell},
	volume={92},
	number={6},
	pages={759--772},
	year={1998},
	publisher={Elsevier}
}

@article{mcnew2000compartmental,
	title={Compartmental specificity of cellular membrane fusion encoded in SNARE proteins},
	author={McNew, James A and Parlati, Francesco and Fukuda, Ryouichi and Johnston, Robert J and Paz, Keren and Paumet, Fabienne and S{\"o}llner, Thomas H and Rothman, James E},
	journal={Nature},
	volume={407},
	number={6801},
	pages={153},
	year={2000},
	publisher={Nature Publishing Group}
}

@article{mima2008reconstituted,
	title={Reconstituted membrane fusion requires regulatory lipids, SNAREs and synergistic SNARE chaperones},
	author={Mima, Joji and Hickey, Christopher M and Xu, Hao and Jun, Youngsoo and Wickner, William},
	journal={The EMBO Journal},
	volume={27},
	number={15},
	pages={2031--2042},
	year={2008},
	publisher={EMBO Press}
}

@article{jena2008intracellular,
	title={Intracellular organelle dynamics at nm resolution},
	author={Jena, Bhanu P},
	journal={Methods in cell biology},
	volume={90},
	pages={19--37},
	year={2008},
	publisher={Elsevier}
}

@article{van2010one,
	title={One SNARE complex is sufficient for membrane fusion},
	author={Van Den Bogaart, Geert and Holt, Matthew G and Bunt, Gertrude and Riedel, Dietmar and Wouters, Fred S and Jahn, Reinhard},
	journal={Nature structural \& molecular biology},
	volume={17},
	number={3},
	pages={358},
	year={2010},
	publisher={Nature Publishing Group}
}

@article{rossi2004longins,
	title={Longins and their longin domains: regulated SNAREs and multifunctional SNARE regulators},
	author={Rossi, Valeria and Banfield, David K and Vacca, Marcella and Dietrich, Lars EP and Ungermann, Christian and D'Esposito, Maurizio and Galli, Thierry and Filippini, Francesco},
	journal={Trends in biochemical sciences},
	volume={29},
	number={12},
	pages={682--688},
	year={2004},
	publisher={Elsevier}
}

@article{dacks2007evolution,
	title={Evolution of the eukaryotic membrane-trafficking system: origin, tempo and mode},
	author={Dacks, Joel B and Field, Mark C},
	journal={Journal of cell science},
	volume={120},
	number={17},
	pages={2977--2985},
	year={2007},
	publisher={The Company of Biologists Ltd}
}

@article{gissen2007cargos,
	title={Cargos and genes: insights into vesicular transport from inherited human disease},
	author={Gissen, Paul and Maher, Eamonn R},
	journal={Journal of medical genetics},
	volume={44},
	number={9},
	pages={545--555},
	year={2007},
	publisher={BMJ Publishing Group Ltd}
}

@article{bexiga2013human,
	title={Human diseases associated with form and function of the Golgi complex},
	author={Bexiga, Mariana G and Simpson, Jeremy C},
	journal={International journal of molecular sciences},
	volume={14},
	number={9},
	pages={18670--18681},
	year={2013},
	publisher={Multidisciplinary Digital Publishing Institute}
}

@article{hirst2004epsinr,
	title={EpsinR is an adaptor for the SNARE protein Vti1b},
	author={Hirst, Jennifer and Miller, Sharon E and Taylor, Marcus J and von Mollard, Gabriele Fischer and Robinson, Margaret S},
	journal={Molecular biology of the cell},
	volume={15},
	number={12},
	pages={5593--5602},
	year={2004},
	publisher={Am Soc Cell Biol}
}

@article{mishev2013small,
	title={Small molecules for dissecting endomembrane trafficking: a cross-systems view},
	author={Mishev, Kiril and Dejonghe, Wim and Russinova, Eugenia},
	journal={Chemistry \& biology},
	volume={20},
	number={4},
	pages={475--486},
	year={2013},
	publisher={Elsevier}
}

@article{nakatsukasa2014nutrient,
	title={The nutrient stress-induced small GTPase Rab5 contributes to the activation of vesicle trafficking and vacuolar activity},
	author={Nakatsukasa, Kunio and Kanada, Akira and Matsuzaki, Mariko and Byrne, Stuart D and Okumura, Fumihiko and Kamura, Takumi},
	journal={Journal of Biological Chemistry},
	pages={jbc--M114},
	year={2014},
	publisher={ASBMB}
}

@article{shimizu2014compensatory,
	title={Compensatory flux changes within an endocytic trafficking network maintain thermal robustness of Notch signaling},
	author={Shimizu, Hideyuki and Woodcock, Simon A and Wilkin, Marian B and Trubenov{\'a}, Barbora and Monk, Nicholas AM and Baron, Martin},
	journal={Cell},
	volume={157},
	number={5},
	pages={1160--1174},
	year={2014},
	publisher={Elsevier}
}

@article{furukawa2014multiple,
	title={Multiple and distinct strategies of yeast SNAREs to confer the specificity of membrane fusion},
	author={Furukawa, Noriko and Mima, Joji},
	journal={Scientific reports},
	volume={4},
	pages={4277},
	year={2014},
	publisher={Nature Publishing Group}
}

@article{davletov2007regulation,
	title={Regulation of SNARE fusion machinery by fatty acids},
	author={Davletov, B and Connell, E and Darios, F},
	journal={Cellular and molecular life sciences},
	volume={64},
	number={13},
	pages={1597--1608},
	year={2007},
	publisher={Springer}
}

@article{zhou2015arp2,
	title={The Arp2/3 complex has essential roles in vesicle trafficking and transcytosis in the mammalian small intestine},
	author={Zhou, Kang and Sumigray, Kaelyn D and Lechler, Terry},
	journal={Molecular biology of the cell},
	volume={26},
	number={11},
	pages={1995--2004},
	year={2015},
	publisher={Am Soc Cell Biol}
}

@article{stoops2014trafficking,
	title={Trafficking to the apical and basolateral membranes in polarized epithelial cells},
	author={Stoops, Emily H and Caplan, Michael J},
	journal={Journal of the american society of nephrology},
	volume={25},
	number={7},
	pages={1375--1386},
	year={2014},
	publisher={Am Soc Nephrol}
}

@inproceedings{barlow2017seeing,
	title={Seeing the endomembrane system for the trees: Evolutionary analysis highlights the importance of plants as models for eukaryotic membrane-trafficking},
	author={Barlow, LD and Dacks, JB},
	booktitle={Seminars in cell \& developmental biology},
	year={2017},
	organization={Elsevier}
}

@article{nishimoto2009differential,
	title={Differential effects of depletion of ARL1 and ARFRP1 on membrane trafficking between the trans-Golgi network and endosomes},
	author={Nishimoto-Morita, Kirika and Shin, Hye-Won and Mitsuhashi, Hiroko and Kitamura, Masashi and Zhang, Qian and Johannes, Ludger and Nakayama, Kazuhisa},
	journal={Journal of Biological Chemistry},
	volume={284},
	number={16},
	pages={10583--10592},
	year={2009},
	publisher={ASBMB}
}

@article{richardson2015evolutionary,
	title={Evolutionary cell biology: functional insight from “endless forms most beautiful”},
	author={Richardson, Elisabeth and Zerr, Kelly and Tsaousis, Anastasios and Dorrell, Richard G and Dacks, Joel B},
	journal={Molecular biology of the cell},
	volume={26},
	number={25},
	pages={4532--4538},
	year={2015},
	publisher={Am Soc Cell Biol}
}
@article{weill2018toolbox,
	title={Toolbox: Creating a systematic database of secretory pathway proteins uncovers new cargo for COPI},
	author={Weill, Uri and Arakel, Eric C and Goldmann, Omer and Golan, Matan and Chuartzman, Silvia and Munro, Sean and Schwappach, Blanche and Schuldiner, Maya},
	journal={Traffic},
	volume={19},
	number={5},
	pages={370--379},
	year={2018},
	publisher={Wiley Online Library}
}

@misc{wells2005discovery,
	title={The discovery of synaptic vesicles},
	author={Wells, William A},
	year={2005},
	publisher={Rockefeller University Press}
}


@book{alberts2002molecular,
  title={Molecular Biology of the Cell 4th Edition: International Student Edition},
  author={Alberts, B. and Johnson, A. and Lewis, J. and Walter, P. and Raff, M. and Roberts, K.},
  isbn={9780815332886},
  url={https://books.google.at/books?id=ozigkQEACAAJ},
  year={2002},
  publisher={Routledge}
}
@article{jussila2007compressing,
  title={Compressing BMC encodings with QBF},
  author={Jussila, Toni and Biere, Armin},
  journal={Electronic Notes in Theoretical Computer Science},
  volume={174},
  number={3},
  pages={45--56},
  year={2007},
  publisher={Elsevier}
}
 
 
@article{progida2016bidirectional,
	title={Bidirectional traffic between the Golgi and the endosomes--machineries and regulation},
	author={Progida, Cinzia and Bakke, Oddmund},
	journal={J Cell Sci},
	volume={129},
	number={21},
	pages={3971--3982},
	year={2016},
	publisher={The Company of Biologists Ltd}
}

@inproceedings{nickel2018unconventional,
	title={Unconventional protein secretion: Diversity and consensus},
	author={Nickel, Walter and Rabouille, Catherine},
	booktitle={Seminars in cell \& developmental biology},
	year={2018},
	organization={Elsevier}
}

@article{pryor2009delivery,
	title={Delivery of endocytosed membrane proteins to the lysosome},
	author={Pryor, Paul R and Luzio, J Paul},
	journal={Biochimica et Biophysica Acta (BBA)-Molecular Cell Research},
	volume={1793},
	number={4},
	pages={615--624},
	year={2009},
	publisher={Elsevier}
}

@article{rink2005rab,
	title={Rab conversion as a mechanism of progression from early to late endosomes},
	author={Rink, Jochen and Ghigo, Eric and Kalaidzidis, Yannis and Zerial, Marino},
	journal={Cell},
	volume={122},
	number={5},
	pages={735--749},
	year={2005},
	publisher={Elsevier}
}

@article{paczkowski2015cargo,
	title={Cargo adaptors: structures illuminate mechanisms regulating vesicle biogenesis},
	author={Paczkowski, Jon E and Richardson, Brian C and Fromme, J Christopher},
	journal={Trends in cell biology},
	volume={25},
	number={7},
	pages={408--416},
	year={2015},
	publisher={Elsevier}
}

@article{faini2013vesicle,
	title={Vesicle coats: structure, function, and general principles of assembly},
	author={Faini, Marco and Beck, Rainer and Wieland, Felix T and Briggs, John AG},
	journal={Trends in cell biology},
	volume={23},
	number={6},
	pages={279--288},
	year={2013},
	publisher={Elsevier}
}

@article{cocucci2014dynamin,
	title={Dynamin recruitment and membrane scission at the neck of a clathrin-coated pit},
	author={Cocucci, Emanuele and Gaudin, Rapha{\"e}l and Kirchhausen, Tom},
	journal={Molecular biology of the cell},
	volume={25},
	number={22},
	pages={3595--3609},
	year={2014},
	publisher={Am Soc Cell Biol}
}

@article{muller2018molecular,
	title={Molecular control of Rab activity by GEFs, GAPs and GDI},
	author={M{\"u}ller, Matthias P and Goody, Roger S},
	journal={Small GTPases},
	volume={9},
	number={1-2},
	pages={5--21},
	year={2018},
	publisher={Taylor \& Francis}
}

@article{yoon2018snare,
	title={SNARE complex assembly and disassembly},
	author={Yoon, Tae-Young and Munson, Mary},
	journal={Current Biology},
	volume={28},
	number={8},
	pages={R397--R401},
	year={2018},
	publisher={Elsevier}
}

@article{daste2015structure,
	title={Structure and function of longin SNAREs},
	author={Daste, Fr{\'e}d{\'e}ric and Galli, Thierry and Tareste, David},
	journal={J Cell Sci},
	volume={128},
	number={23},
	pages={4263--4272},
	year={2015},
	publisher={The Company of Biologists Ltd}
}

@article{baker2016chaperoning,
	title={Chaperoning SNARE assembly and disassembly},
	author={Baker, Richard W and Hughson, Frederick M},
	journal={Nature reviews Molecular cell biology},
	volume={17},
	number={8},
	pages={465},
	year={2016},
	publisher={Nature Publishing Group}
}

@book{alberts2013essential,
	title={Essential cell biology},
	author={Alberts, Bruce and Bray, Dennis and Hopkin, Karen and Johnson, Alexander and Lewis, Julian and Raff, Martin and Roberts, Keith and Walter, Peter},
	year={2013},
	publisher={Garland Science}
}

@article{bonifacino2004mechanisms,
	title={The mechanisms of vesicle budding and fusion},
	author={Bonifacino, Juan S and Glick, Benjamin S},
	journal={cell},
	volume={116},
	number={2},
	pages={153--166},
	year={2004},
	publisher={Elsevier}
}

@article{sudhof2009membrane,
	title={Membrane fusion: grappling with SNARE and SM proteins},
	author={S{\"u}dhof, Thomas C and Rothman, James E},
	journal={Science},
	volume={323},
	number={5913},
	pages={474--477},
	year={2009},
	publisher={American Association for the Advancement of Science}
}

@article{hong2014tethering,
	title={Tethering the assembly of SNARE complexes},
	author={Hong, WanJin and Lev, Sima},
	journal={Trends in cell biology},
	volume={24},
	number={1},
	pages={35--43},
	year={2014},
	publisher={Elsevier}
}

@article{chanaday2017you,
	title={How do you recognize and reconstitute a synaptic vesicle after fusion?},
	author={Chanaday, Natali L and Kavalali, Ege T},
	journal={F1000Research},
	volume={6},
	year={2017},
	publisher={Faculty of 1000 Ltd}
}

@article{d2017tethering,
	title={A tethering complex drives the terminal stage of SNARE-dependent membrane fusion},
	author={D’Agostino, Massimo and Risselada, Herre Jelger and L{\"u}rick, Anna and Ungermann, Christian and Mayer, Andreas},
	journal={Nature},
	volume={551},
	number={7682},
	pages={634},
	year={2017},
	publisher={Nature Publishing Group}
}

@article{rodepeter2017indication,
	title={Indication for differential sorting of the rat v-SNARE splice isoforms VAMP-1a and-1b},
	author={Rodepeter, Fiona R and Wiegand, Susanne and L{\"u}ers, Hans-Georg and Bonaterra, Gabriel A and Lowe, Anson W and Bette, Michael and Jacob, Ralf and Mandic, Robert},
	journal={Biochemistry and Cell Biology},
	volume={95},
	number={4},
	pages={500--509},
	year={2017},
	publisher={NRC Research Press}
}

@article{zhao2017conserved,
	title={The conserved SNARE SEC-22 localizes to late endosomes and negatively regulates RNA interference in Caenorhabditis elegans},
	author={Zhao, Yani and Holmgren, Benjamin T and Hinas, Andrea},
	journal={RNA},
	volume={23},
	number={3},
	pages={297--307},
	year={2017},
	publisher={Cold Spring Harbor Lab}
}


@inproceedings{smtVTS,
  author    = {Ashutosh Gupta and Ankit Shukla and Mandyam Srivas and Mukund Thattai},
  title     = {SMT Solving for Vesicle Traffic Systems in Cells},
  booktitle = {SASB},
  year      = {2017},
}



@inproceedings{exampleSynth,
  author    = {Sumit Gulwani},
  title     = {Automating string processing in spreadsheets using input-output examples},
  booktitle = {Proceedings of the 38th {ACM} {SIGPLAN-SIGACT} Symposium on Principles
               of Programming Languages, {POPL} 2011, Austin, TX, USA, January 26-28,
               2011},
  pages     = {317--330},
  year      = {2011},
  publisher = {{ACM}},
}


@inproceedings{sygus,
  title={Syntax-guided synthesis},
  author={Alur, Rajeev and Bodik, Rastislav and Juniwal, Garvit and Martin, Milo MK and Raghothaman, Mukund and Seshia, Sanjit A and Singh, Rishabh and Solar-Lezama, Armando and Torlak, Emina and Udupa, Abhishek},
  booktitle={2013 Formal Methods in Computer-Aided Design},
  pages={1--8},
  year={2013},
  organization={IEEE}
}


@inproceedings{sketch,
  author    = {Armando Solar{-}Lezama},
  title     = {The Sketching Approach to Program Synthesis},
  booktitle = {Programming Languages and Systems, 7th Asian Symposium, {APLAS} 2009,
               Seoul, Korea, December 14-16, 2009. Proceedings},
  pages     = {4--13},
  year      = {2009},
    publisher = {Springer},
}

@inproceedings{z3Quant,
  author    = {Leonardo Mendon{\c{c}}a de Moura and
               Nikolaj Bj{\o}rner},
  title     = {Efficient E-Matching for {SMT} Solvers},
  booktitle = {Automated Deduction - CADE-21, 21st International Conference on Automated
               Deduction, Bremen, Germany, July 17-20, 2007, Proceedings},
  pages     = {183--198},
  year      = {2007},
  volume    = {4603},
  publisher = {Springer},
}

@article{embley2006eukaryotic,
  title={Eukaryotic evolution, changes and challenges},
  author={Embley, T Martin and Martin, William},
  journal={Nature},
  volume={440},
  number={7084},
  pages={623--630},
  year={2006},
  publisher={Nature Publishing Group}
}

@article{stenmark2009rab,
  title={Rab GTPases as coordinators of vesicle traffic},
  author={Stenmark, Harald},
  journal={Nature reviews Molecular cell biology},
  volume={10},
  number={8},
  pages={513--525},
  year={2009},
  publisher={Nature Publishing Group}
}
@article{rothman2002machinery,
  title={The machinery and principles of vesicle transport in the cell},
  author={Rothman, James E},
  journal={Nature medicine},
  volume={8},
  number={10},
  pages={1059--1063},
  year={2002},
  publisher={Nature Publishing Group}
}

@article{jahn2006snares,
  title={SNAREs--engines for membrane fusion},
  author={Jahn, Reinhard and Scheller, Richard H},
  journal={Nature reviews. Molecular cell biology},
  volume={7},
  number={9},
  pages={631},
  year={2006},
  publisher={Nature Publishing Group}
}

@article{traub2009tickets,
  title={Tickets to ride: selecting cargo for clathrin-regulated internalization},
  author={Traub, Linton M},
  journal={Nature reviews. Molecular cell biology},
  volume={10},
  number={9},
  pages={583},
  year={2009},
  publisher={Nature Publishing Group}
}

@article{dacks2007evolution,
  title={Evolution of the eukaryotic membrane-trafficking system: origin, tempo and mode},
  author={Dacks, Joel B and Field, Mark C},
  journal={Journal of cell science},
  volume={120},
  number={17},
  pages={2977--2985},
  year={2007},
  publisher={The Company of Biologists Ltd}
}

@article{munro2004organelle,
  title={Organelle identity and the organization of membrane traffic},
  author={Munro, Sean},
  journal={Nature cell biology},
  volume={6},
  number={6},
  pages={469--472},
  year={2004},
  publisher={Nature Publishing Group}
}

@misc{a052448-oeis, 
	title={Number of simple 3-edge-connected unlabeled n-node graphs},
	url={http://oeis.org/A052448}, 
	journal={A052448 - OEIS}}

@article{mani2016wine,
	title={Wine glasses and hourglasses: Non-adaptive complexity of vesicle traffic in microbial eukaryotes},
	author={Mani, Somya and Thattai, Mukund},
	journal={Molecular and biochemical parasitology},
	volume={209},
	number={1-2},
	pages={58--63},
	year={2016},
	publisher={Elsevier}
}

@article{mani2016stacking,
  title={Stacking the odds for Golgi cisternal maturation},
  author={Mani, Somya and Thattai, Mukund},
  journal={Elife},
  volume={5},
  pages={e16231},
  year={2016},
  publisher={eLife Sciences Publications Limited}
}


@article{shukla,
  title={Discovering vesicle traffic network constraints by model checking},
  author={Shukla, Ankit and Bhattacharyya, Arnab and Kuppusamy, Lakshmanan and Srivas, Mandayam and Thattai, Mukund},
  journal={PloS one},
  volume={12},
  number={7},
  pages={e0180692},
  year={2017},
  publisher={Public Library of Science}
}

@inproceedings{ckl2004,
  AUTHOR    = { Clarke, Edmund
                and Kroening, Daniel
                and Lerda, Flavio },
  TITLE     = { A Tool for Checking {ANSI-C} Programs },
  BOOKTITLE = {TACAS},
  YEAR      = { 2004 },
  PUBLISHER = { Springer },
  PAGES     = { 168--176 },
  ISBN      = { 3-540-21299-X },
}

@inproceedings{CKY03,
  AUTHOR    = { Kroening, Daniel
                and Clarke, Edmund
                and Yorav, Karen },
  TITLE     = { Behavioral Consistency of {C} and {Verilog} Programs Using Bounded Model Checking },
  BOOKTITLE = {DAC},
  YEAR      = { 2003 },
  PUBLISHER = { ACM },
}


@inproceedings{clarke1996symbolic,
  title={Symbolic model checking},
  author={Clarke, E and McMillan, K and Campos, S and Hartonas-Garmhausen, Vasiliki},
  booktitle={Computer Aided Verification},
  pages={419--422},
  year={1996},
  organization={Springer}
}

@article{biere2003bounded,
  title={Bounded model checking},
  author={Biere, Armin and Cimatti, Alessandro and Clarke, Edmund M and Strichman, Ofer and Zhu, Yunshan},
  journal={Advances in computers},
  volume={58},
  pages={117--148},
  year={2003},
  publisher={Elsevier}
}

@article{cimatti2000nusmv,
  title={NuSMV: a new symbolic model checker},
  author={Cimatti, Alessandro and Clarke, Edmund and Giunchiglia, Fausto and Roveri, Marco},
  journal={STTT},
  volume={2},
  number={4},
  pages={410--425},
  year={2000},
  publisher={Springer}
}

@article{holzmann1997model,
  title={The model checker SPIN},
  author={Holzmann, Gerard J.},
  journal={IEEE Transactions on software engineering},
  volume={23},
  number={5},
  pages={279--295},
  year={1997},
  publisher={IEEE}
}
@article{hong2005snares,
  title={SNAREs and traffic},
  author={Hong, Wanjin},
  journal={Biochimica et Biophysica Acta (BBA)-Molecular Cell Research},
  volume={1744},
  number={2},
  pages={120--144},
  year={2005},
  publisher={Elsevier}
}

@article{wickner2008membrane,
  title={Membrane fusion},
  author={Wickner, William and Schekman, Randy},
  journal={Nature Structural and Molecular Biology},
  volume={15},
  number={n7},
  pages={658},
  year={2008},
  publisher={Nature Publishing Group}
}

@inproceedings{moskewicz2001chaff,
  title={Chaff: Engineering an efficient SAT solver},
  author={Moskewicz, Matthew W and Madigan, Conor F and Zhao, Ying and Zhang, Lintao and Malik, Sharad},
  booktitle={DAC},
  year={2001},
  organization={ACM}
}

@article{een2004extensible,
  title={An extensible SAT-solver},
  author={E{\'e}n, Niklas and Sorensson, Niklas},
  journal={Lecture notes in computer science},
  volume={2919},
  pages={502--518},
  year={2004},
  publisher={Springer}
}
@article{clarke2008birth,
  title={The birth of model checking},
  author={Clarke, Edmund},
  journal={25 Years of Model Checking},
  pages={1--26},
  year={2008},
  publisher={Springer}
}

@incollection{z3,
year={2008},
isbn={978-3-540-78799-0},
booktitle={TACAS},
volume={4963},
series={LNCS},
title={Z3: An Efficient SMT Solver},
url={http://dx.doi.org/10.1007/978-3-540-78800-3_24},
publisher={Springer Berlin Heidelberg},
author={de Moura, Leonardo and Bjorner, Nikolaj},
pages={337-340}
}


@inproceedings{guerra2012reasoning,
  title={Reasoning over biological networks using maximum satisfiability},
  author={Guerra, Jo{\~a}o and Lynce, In{\^e}s},
  booktitle={PPCP},
  pages={941--956},
  year={2012},
  organization={Springer}
}

@inproceedings{cook1971complexity,
  title={The complexity of theorem-proving procedures},
  author={Cook, Stephen A},
  booktitle={Proceedings of the third annual ACM symposium on Theory of computing},
  pages={151--158},
  year={1971},
  organization={ACM}
}

@article{chin2008biographe,
  title={BioGraphE: high-performance bionetwork analysis using the Biological Graph Environment},
  author={Chin, George and Chavarria, Daniel G and Nakamura, Grant C and Sofia, Heidi J},
  journal={BMC bioinformatics},
  volume={9},
  number={6},
  pages={S6},
  year={2008},
  publisher={BioMed Central}
}

@article{wotzlaw2012generalized,
  title={Generalized k-ary tanglegrams on level graphs: A satisfiability-based approach and its evaluation},
  author={Wotzlaw, Andreas and Speckenmeyer, Ewald and Porschen, Stefan},
  journal={Discrete Applied Mathematics},
  volume={160},
  number={16},
  pages={2349--2363},
  year={2012},
  publisher={Elsevier}
}

@inproceedings{yordanov2013smt,
  title={SMT-based analysis of biological computation},
  author={Yordanov, Boyan and Wintersteiger, Christoph M and Hamadi, Youssef and Kugler, Hillel},
  booktitle={NASA formal methods symposium},
  pages={78--92},
  year={2013},
  organization={Springer}
}

@article{kobayashi2014ilp,
  title={ILP/SMT-based method for design of Boolean networks based on singleton attractors},
  author={Kobayashi, Koichi and Hiraishi, Kunihiko},
  journal={IEEE/ACM Transactions on Computational Biology and Bioinformatics},
  volume={11},
  number={6},
  pages={1253--1259},
  year={2014},
  publisher={IEEE}
}

@article{heule2010exact,
  title={Exact DFA identification using SAT solvers},
  author={Heule, Marijn and Verwer, Sicco},
  journal={Grammatical Inference: Theoretical Results and Applications},
  pages={66--79},
  year={2010},
  publisher={Springer}
}

@article{mangla2010timing,
  title={Timing robustness in the budding and fission yeast cell cycles},
  author={Mangla, Karan and Dill, David L and Horowitz, Mark A},
  journal={PLoS One},
  volume={5},
  number={2},
  pages={e8906},
  year={2010},
  publisher={Public Library of Science}
}

@inproceedings{gay2013solving,
  title={Solving subgraph epimorphism problems using CLP and SAT},
  author={Gay, Steven and Fages, Fran{\c{c}}ois and Santini, Francesco and Soliman, Sylvain},
  booktitle={WCB-ninth Workshop on Constraint Based Methods for Bioinformatics, colocated with CP},
  pages={67--74},
  year={2013}
}

@inproceedings{giacobbe2015model,
  title={Model Checking Gene Regulatory Networks.},
  author={Giacobbe, Mirco and Guet, Calin C and Gupta, Ashutosh and Henzinger, Thomas A and Paixao, Tiago and Petrov, Tatjana},
  booktitle={TACAS},
  year={2015}
}

@inproceedings{rosenblueth2014inference,
  title={Inference of Boolean networks from gene interaction graphs using a SAT solver},
  author={Rosenblueth, David A and Mu{\~n}oz, Stalin and Carrillo, Miguel and Azpeitia, Eugenio},
  booktitle={ICACB},
  pages={235--246},
  year={2014},
  organization={Springer}
}

@article{batt2010efficient,
  title={Efficient parameter search for qualitative models of regulatory networks using symbolic model checking},
  author={Batt, Gregory and Page, Michel and Cantone, Irene and Goessler, Gregor and Monteiro, Pedro and De Jong, Hidde},
  journal={Bioinformatics},
  volume={26},
  number={18},
  pages={i603--i610},
  year={2010},
  publisher={Oxford University Press}
}

@inproceedings{clarke2004tool,
  title={A tool for checking ANSI-C programs},
  author={Clarke, Edmund and Kroening, Daniel and Lerda, Flavio},
  booktitle={International Conference on Tools and Algorithms for the Construction and Analysis of Systems},
  pages={168--176},
  year={2004},
  organization={Springer}
}

@inproceedings{cimatti2002nusmv,
  title={Nusmv 2: An opensource tool for symbolic model checking},
  author={Cimatti, Alessandro and Clarke, Edmund and Giunchiglia, Enrico and Giunchiglia, Fausto and Pistore, Marco and Roveri, Marco and Sebastiani, Roberto and Tacchella, Armando},
  booktitle={International Conference on Computer Aided Verification},
  pages={359--364},
  year={2002},
  organization={Springer}
}

@article{sorensson2005minisat,
  title={Minisat v1. 13-a sat solver with conflict-clause minimization},
  author={Sorensson, Niklas and Een, Niklas},
  journal={SAT},
  volume={2005},
  number={53},
  pages={1--2},
  year={2005}
}

@article{soos2016cryptominisat,
  title={The CryptoMiniSat 5 set of solvers at SAT Competition 2016},
  author={Soos, Mate},
  journal={SAT Competition},
  volume={2016},
  pages={28},
  year={2016}
}

@article{balyo2016sat,
  title={SAT race 2015},
  author={Balyo, Tom{\'a}{\v{s}} and Biere, Armin and Iser, Markus and Sinz, Carsten},
  journal={Artificial Intelligence},
  volume={241},
  pages={45--65},
  year={2016},
  publisher={Elsevier}
}
 
@article{yordanov2016method,
  title={A method to identify and analyze biological programs through automated reasoning},
  author={Yordanov, Boyan and Dunn, Sara-Jane and Kugler, Hillel and Smith, Austin and Martello, Graziano and Emmott, Stephen},
  journal={NPJ systems biology and applications},
  volume={2},
  pages={16010},
  year={2016},
  publisher={Nature Publishing Group}
}

@article{dunn2014defining,
  title={Defining an essential transcription factor program for naive pluripotency},
  author={Dunn, S-J and Martello, Graziano and Yordanov, Boyan and Emmott, Stephen and Smith, AG},
  journal={Science},
  volume={344},
  number={6188},
  pages={1156--1160},
  year={2014},
  publisher={American Association for the Advancement of Science}
}

@inproceedings{paoletti2014analyzing,
  title={Analyzing and synthesizing genomic logic functions},
  author={Paoletti, Nicola and Yordanov, Boyan and Hamadi, Youssef and Wintersteiger, Christoph M and Kugler, Hillel},
  booktitle={International Conference on Computer Aided Verification},
  pages={343--357},
  year={2014},
  organization={Springer}
}

@inproceedings{koksal2013synthesis,
	author = {Koksal, Ali Sinan and Pu, Yewen and Srivastava, Saurabh and Bodik, Rastislav and Fisher, Jasmin and Piterman, Nir},
	title = {Synthesis of Biological Models from Mutation Experiments},
	booktitle = {Proceedings of the 40th Annual ACM SIGPLAN-SIGACT Symposium on Principles of Programming Languages},
	series = {POPL '13},
	year = {2013},
	isbn = {978-1-4503-1832-7},
	location = {Rome, Italy},
	pages = {469--482},
	numpages = {14},
	url = {http://doi.acm.org/10.1145/2429069.2429125},
	doi = {10.1145/2429069.2429125},
	acmid = {2429125},
	publisher = {ACM},
	address = {New York, NY, USA},
	keywords = {executable biology, program synthesis, specification ambiguity analysis},
} 

@inproceedings{fisher2015synthesising,
  title={Synthesising executable gene regulatory networks from single-cell gene expression data},
  author={Fisher, Jasmin and K{\"o}ksal, Ali Sinan and Piterman, Nir and Woodhouse, Steven},
  booktitle={International Conference on Computer Aided Verification},
  pages={544--560},
  year={2015},
  organization={Springer}
}

@inproceedings{cardelli2017syntax,
  title={Syntax-guided optimal synthesis for chemical reaction networks},
  author={Cardelli, Luca and {\v{C}}e{\v{s}}ka, Milan and Fr{\"a}nzle, Martin and Kwiatkowska, Marta and Laurenti, Luca and Paoletti, Nicola and Whitby, Max},
  booktitle={International Conference on Computer Aided Verification},
  pages={375--395},
  year={2017},
  organization={Springer}
}

@article{shavit2016automated,
  title={Automated synthesis and analysis of switching gene regulatory networks},
  author={Shavit, Yoli and Yordanov, Boyan and Dunn, Sara-Jane and Wintersteiger, Christoph M and Otani, Tomoki and Hamadi, Youssef and Livesey, Frederick J and Kugler, Hillel},
  journal={Biosystems},
  volume={146},
  pages={26--34},
  year={2016},
  publisher={Elsevier}
}

@article{lonsing2010depqbf,
  title={DepQBF: A dependency-aware QBF solver},
  author={Lonsing, Florian and Biere, Armin},
  journal={Journal on Satisfiability, Boolean Modeling and Computation},
  volume={7},
  pages={71--76},
  year={2010}
}

@article{burri2004complete,
  title={A complete set of SNAREs in yeast},
  author={Burri, Lena and Lithgow, Trevor},
  journal={Traffic},
  volume={5},
  number={1},
  pages={45--52},
  year={2004},
  publisher={Wiley Online Library}
}

@inproceedings{stockmeyer1973word,
  title={Word problems requiring exponential time (preliminary report)},
  author={Stockmeyer, Larry J and Meyer, Albert R},
  booktitle={Proceedings of the fifth annual ACM symposium on Theory of computing},
  pages={1--9},
  year={1973},
  organization={ACM}
}
 

@misc{qdimacs,
  author = {Qbflib.org},
  title = {{QDIMACS standard} Ver. 1.1.},
  year = 2018,
  url = {http://www.qbflib.org/qdimacs.html},
  urldate = {2018-05-3}
}

@article{shukla2017discovering,
  title={Discovering vesicle traffic network constraints by model checking},
  author={Shukla, Ankit and Bhattacharyya, Arnab and Kuppusamy, Lakshmanan and Srivas, Mandayam and Thattai, Mukund},
  journal={PloS one},
  volume={12},
  number={7},
  pages={e0180692},
  year={2017},
  publisher={Public Library of Science}
}

@inproceedings{biere1999symbolic1,
	title={Symbolic model checking using SAT procedures instead of BDDs},
	author={Biere, Armin and Cimatti, Alessandro and Clarke, Edmund M and Fujita, Masahiro and Zhu, Yunshan},
	booktitle={Proceedings of the 36th annual ACM/IEEE Design Automation Conference},
	pages={317--320},
	year={1999},
	organization={ACM}
}

@inproceedings{biere1999symbolic2,
	title={Symbolic model checking without BDDs},
	author={Biere, Armin and Cimatti, Alessandro and Clarke, Edmund and Zhu, Yunshan},
	booktitle={International conference on tools and algorithms for the construction and analysis of systems},
	pages={193--207},
	year={1999},
	organization={Springer}
}

@inproceedings{bjesse2001finding,
	title={Finding bugs in an alpha microprocessor using satisfiability solvers},
	author={Bjesse, Per and Leonard, Tim and Mokkedem, Abdel},
	booktitle={International Conference on Computer Aided Verification},
	pages={454--464},
	year={2001},
	organization={Springer}
}
@article{velev2003effective,
	title={Effective use of boolean satisfiability procedures in the formal verification of superscalar and vliw microprocessors},
	author={Velev, Miroslav N and Bryant, Randal E},
	journal={Journal of Symbolic Computation},
	volume={35},
	number={2},
	pages={73--106},
	year={2003},
	publisher={Elsevier}
}

@inproceedings{goldberg2001using,
	title={Using SAT for combinational equivalence checking},
	author={Goldberg, Evguenii I and Prasad, Mukul R and Brayton, Robert K},
	booktitle={Design, Automation and Test in Europe, 2001. Conference and Exhibition 2001. Proceedings},
	pages={114--121},
	year={2001},
	organization={IEEE}
}


@article{stephan1996combinational,
	title={Combinational test generation using satisfiability},
	author={Stephan, Paul and Brayton, Robert K and Sangiovanni-Vincentelli, Alberto L},
	journal={IEEE Transactions on Computer-Aided Design of Integrated Circuits and Systems},
	volume={15},
	number={9},
	pages={1167--1176},
	year={1996},
	publisher={IEEE}
}

@inproceedings{kautz1996pushing,
	title={Pushing the envelope: Planning, propositional logic, and stochastic search},
	author={Kautz, Henry and Selman, Bart},
	booktitle={Proceedings of the National Conference on Artificial Intelligence},
	pages={1194--1201},
	year={1996}
}

@inproceedings{gomes1998randomization,
	title={Randomization in Backtrack Search: Exploiting Heavy-Tailed Profiles for Solving Hard Scheduling Problems.},
	author={Gomes, Carla P and Selman, Bart and McAloon, Ken and Tretkoff, Carol},
	booktitle={AIPS},
	pages={208--213},
	year={1998}
}

@article{biere2009conflict,
	title={Conflict-driven clause learning sat solvers},
	author={Biere, Armin and Heule, Marijn and van Maaren, Hans and Walsh, Toby},
	journal={Handbook of Satisfiability, Frontiers in Artificial Intelligence and Applications},
	pages={131--153},
	year={2009}
}

@article{buning2009theory,
	title={Theory of Quantified Boolean Formulas.},
	author={B{\"u}ning, Hans Kleine and Bubeck, Uwe},
	journal={Handbook of Satisfiability},
	volume={185},
	pages={735--760},
	year={2009}
}

@book{arora2009computational,
	title={Computational complexity: a modern approach},
	author={Arora, Sanjeev and Barak, Boaz},
	year={2009},
	publisher={Cambridge University Press}
}

@article{kloepper2007elaborate,
	title={An elaborate classification of SNARE proteins sheds light on the conservation of the eukaryotic endomembrane system},
	author={Kloepper, Tobias H and Kienle, C Nickias and Fasshauer, Dirk},
	journal={Molecular biology of the cell},
	volume={18},
	number={9},
	pages={3463--3471},
	year={2007},
	publisher={Am Soc Cell Biol}
}

@article{nieuwenhuis2006solving,
  title={Solving SAT and SAT modulo theories: from an abstract Davis--Putnam--Logemann--Loveland procedure to DPLL (T)},
  author={Nieuwenhuis, Robert and Oliveras, Albert and Tinelli, Cesare},
  journal={Journal of the ACM (JACM)},
  volume={53},
  number={6},
  pages={937--977},
  year={2006},
  publisher={ACM}
}

@incollection{barrett2018satisfiability,
  title={Satisfiability modulo theories},
  author={Barrett, Clark and Tinelli, Cesare},
  booktitle={Handbook of Model Checking},
  pages={305--343},
  year={2018},
  publisher={Springer}
}

@article{benedetti2008qbf,
  title={QBF-based formal verification: Experience and perspectives},
  author={Benedetti, Marco and Mangassarian, Hratch},
  journal={Journal on Satisfiability, Boolean Modeling and Computation},
  volume={5},
  pages={133--191},
  year={2008}
}

@book{lodish2008molecular,
  title={Molecular cell biology},
  author={Lodish, Harvey and Darnell, James E and Berk, Arnold and Kaiser, Chris A and Krieger, Monty and Scott, Matthew P and Bretscher, Anthony and Ploegh, Hidde and Matsudaira, Paul and others},
  year={2008},
  publisher={Macmillan}
}

@article{savitch1970relationships,
  title={Relationships between nondeterministic and deterministic tape complexities},
  author={Savitch, Walter J},
  journal={Journal of computer and system sciences},
  volume={4},
  number={2},
  pages={177--192},
  year={1970},
  publisher={Elsevier}
}

@article{gubbels2012evolution,
  title={Evolution of apicomplexan secretory organelles},
  author={Gubbels, Marc-Jan and Duraisingh, Manoj T},
  journal={International journal for parasitology},
  volume={42},
  number={12},
  pages={1071--1081},
  year={2012},
  publisher={Elsevier}
}

@article{tang2013cell,
  title={Cell cycle regulation of Golgi membrane dynamics},
  author={Tang, Danming and Wang, Yanzhuang},
  journal={Trends in cell biology},
  volume={23},
  number={6},
  pages={296--304},
  year={2013},
  publisher={Elsevier}
}

@article{polishchuk2004structural,
  title={Structural aspects of Golgi function},
  author={Polishchuk, RS and Mironov, AA},
  journal={Cellular and Molecular Life Sciences CMLS},
  volume={61},
  number={2},
  pages={146--158},
  year={2004},
  publisher={Springer}
}

@article{kahn2009toward,
  title={Toward a model for Arf GTPases as regulators of traffic at the Golgi},
  author={Kahn, Richard A},
  journal={FEBS letters},
  volume={583},
  number={23},
  pages={3872--3879},
  year={2009},
  publisher={Elsevier}
}

@article{zerial2001rab,
  title={Rab proteins as membrane organizers},
  author={Zerial, Marino and McBride, Heidi},
  journal={Nature reviews Molecular cell biology},
  volume={2},
  number={2},
  pages={107},
  year={2001},
  publisher={Nature Publishing Group}
}