@inproceedings{smtVTS,
  author    = {Ashutosh Gupta and Ankit Shukla and Mandyam Srivas and Mukund Thattai},
  title     = {SMT Solving for Vesicle Traffic Systems in Cells},
  booktitle = {SASB},
  year      = {2017},
}



@inproceedings{exampleSynth,
  author    = {Sumit Gulwani},
  title     = {Automating string processing in spreadsheets using input-output examples},
  booktitle = {Proceedings of the 38th {ACM} {SIGPLAN-SIGACT} Symposium on Principles
               of Programming Languages, {POPL} 2011, Austin, TX, USA, January 26-28,
               2011},
  pages     = {317--330},
  year      = {2011},
  publisher = {{ACM}},
}

@inproceedings{sygus,
  author    = {Rajeev Alur and
               Rastislav Bod{\'{\i}}k and
               Garvit Juniwal and
               Milo M. K. Martin and
               Mukund Raghothaman and
               Sanjit A. Seshia and
               Rishabh Singh and
               Armando Solar{-}Lezama and
               Emina Torlak and
               Abhishek Udupa},
  title     = {Syntax-guided synthesis},
  booktitle = {Formal Methods in Computer-Aided Design, {FMCAD} 2013, Portland, OR,
               USA, October 20-23, 2013},
  pages     = {1--8},
  year      = {2013},
}


@inproceedings{sketch,
  author    = {Armando Solar{-}Lezama},
  title     = {The Sketching Approach to Program Synthesis},
  booktitle = {Programming Languages and Systems, 7th Asian Symposium, {APLAS} 2009,
               Seoul, Korea, December 14-16, 2009. Proceedings},
  pages     = {4--13},
  year      = {2009},
    publisher = {Springer},
}

@inproceedings{z3Quant,
  author    = {Leonardo Mendon{\c{c}}a de Moura and
               Nikolaj Bj{\o}rner},
  title     = {Efficient E-Matching for {SMT} Solvers},
  booktitle = {Automated Deduction - CADE-21, 21st International Conference on Automated
               Deduction, Bremen, Germany, July 17-20, 2007, Proceedings},
  pages     = {183--198},
  year      = {2007},
  volume    = {4603},
  publisher = {Springer},
}

@article{embley2006eukaryotic,
  title={Eukaryotic evolution, changes and challenges},
  author={Embley, T Martin and Martin, William},
  journal={Nature},
  volume={440},
  number={7084},
  pages={623--630},
  year={2006},
  publisher={Nature Publishing Group}
}

@article{stenmark2009rab,
  title={Rab GTPases as coordinators of vesicle traffic},
  author={Stenmark, Harald},
  journal={Nature reviews Molecular cell biology},
  volume={10},
  number={8},
  pages={513--525},
  year={2009},
  publisher={Nature Publishing Group}
}
@article{rothman2002machinery,
  title={The machinery and principles of vesicle transport in the cell},
  author={Rothman, James E},
  journal={Nature medicine},
  volume={8},
  number={10},
  pages={1059--1063},
  year={2002},
  publisher={Nature Publishing Group}
}

@article{jahn2006snares,
  title={SNAREs--engines for membrane fusion},
  author={Jahn, Reinhard and Scheller, Richard H},
  journal={Nature reviews. Molecular cell biology},
  volume={7},
  number={9},
  pages={631},
  year={2006},
  publisher={Nature Publishing Group}
}

@article{traub2009tickets,
  title={Tickets to ride: selecting cargo for clathrin-regulated internalization},
  author={Traub, Linton M},
  journal={Nature reviews. Molecular cell biology},
  volume={10},
  number={9},
  pages={583},
  year={2009},
  publisher={Nature Publishing Group}
}

@article{dacks2007evolution,
  title={Evolution of the eukaryotic membrane-trafficking system: origin, tempo and mode},
  author={Dacks, Joel B and Field, Mark C},
  journal={Journal of cell science},
  volume={120},
  number={17},
  pages={2977--2985},
  year={2007},
  publisher={The Company of Biologists Ltd}
}

@article{munro2004organelle,
  title={Organelle identity and the organization of membrane traffic},
  author={Munro, Sean},
  journal={Nature cell biology},
  volume={6},
  number={6},
  pages={469--472},
  year={2004},
  publisher={Nature Publishing Group}
}

@article{mani2016stacking,
  title={Stacking the odds for Golgi cisternal maturation},
  author={Mani, Somya and Thattai, Mukund},
  journal={Elife},
  volume={5},
  pages={e16231},
  year={2016},
  publisher={eLife Sciences Publications Limited}
}


@article{shukla,
  title={Discovering vesicle traffic network constraints by model checking},
  author={Shukla, Ankit and Bhattacharyya, Arnab and Kuppusamy, Lakshmanan and Srivas, Mandayam and Thattai, Mukund},
  journal={PloS one},
  volume={12},
  number={7},
  pages={e0180692},
  year={2017},
  publisher={Public Library of Science}
}

@inproceedings{ckl2004,
  AUTHOR    = { Clarke, Edmund
                and Kroening, Daniel
                and Lerda, Flavio },
  TITLE     = { A Tool for Checking {ANSI-C} Programs },
  BOOKTITLE = {TACAS},
  YEAR      = { 2004 },
  PUBLISHER = { Springer },
  PAGES     = { 168--176 },
  ISBN      = { 3-540-21299-X },
}

@inproceedings{CKY03,
  AUTHOR    = { Kroening, Daniel
                and Clarke, Edmund
                and Yorav, Karen },
  TITLE     = { Behavioral Consistency of {C} and {Verilog} Programs Using Bounded Model Checking },
  BOOKTITLE = {DAC},
  YEAR      = { 2003 },
  PUBLISHER = { ACM },
}


@inproceedings{clarke1996symbolic,
  title={Symbolic model checking},
  author={Clarke, E and McMillan, K and Campos, S and Hartonas-Garmhausen, Vasiliki},
  booktitle={Computer Aided Verification},
  pages={419--422},
  year={1996},
  organization={Springer}
}

@article{biere2003bounded,
  title={Bounded model checking},
  author={Biere, Armin and Cimatti, Alessandro and Clarke, Edmund M and Strichman, Ofer and Zhu, Yunshan},
  journal={Advances in computers},
  volume={58},
  pages={117--148},
  year={2003},
  publisher={Elsevier}
}

@article{cimatti2000nusmv,
  title={NuSMV: a new symbolic model checker},
  author={Cimatti, Alessandro and Clarke, Edmund and Giunchiglia, Fausto and Roveri, Marco},
  journal={STTT},
  volume={2},
  number={4},
  pages={410--425},
  year={2000},
  publisher={Springer}
}

@article{holzmann1997model,
  title={The model checker SPIN},
  author={Holzmann, Gerard J.},
  journal={IEEE Transactions on software engineering},
  volume={23},
  number={5},
  pages={279--295},
  year={1997},
  publisher={IEEE}
}
@article{hong2005snares,
  title={SNAREs and traffic},
  author={Hong, Wanjin},
  journal={Biochimica et Biophysica Acta (BBA)-Molecular Cell Research},
  volume={1744},
  number={2},
  pages={120--144},
  year={2005},
  publisher={Elsevier}
}

@article{wickner2008membrane,
  title={Membrane fusion},
  author={Wickner, William and Schekman, Randy},
  journal={Nature Structural and Molecular Biology},
  volume={15},
  number={n7},
  pages={658},
  year={2008},
  publisher={Nature Publishing Group}
}

@inproceedings{moskewicz2001chaff,
  title={Chaff: Engineering an efficient SAT solver},
  author={Moskewicz, Matthew W and Madigan, Conor F and Zhao, Ying and Zhang, Lintao and Malik, Sharad},
  booktitle={DAC},
  year={2001},
  organization={ACM}
}

@article{een2004extensible,
  title={An extensible SAT-solver},
  author={E{\'e}n, Niklas and Sorensson, Niklas},
  journal={Lecture notes in computer science},
  volume={2919},
  pages={502--518},
  year={2004},
  publisher={Springer}
}
@article{clarke2008birth,
  title={The birth of model checking},
  author={Clarke, Edmund},
  journal={25 Years of Model Checking},
  pages={1--26},
  year={2008},
  publisher={Springer}
}

@incollection{z3,
year={2008},
isbn={978-3-540-78799-0},
booktitle={TACAS},
volume={4963},
series={LNCS},
title={Z3: An Efficient SMT Solver},
url={http://dx.doi.org/10.1007/978-3-540-78800-3_24},
publisher={Springer Berlin Heidelberg},
author={de Moura, Leonardo and Bjorner, Nikolaj},
pages={337-340}
}


@inproceedings{guerra2012reasoning,
  title={Reasoning over biological networks using maximum satisfiability},
  author={Guerra, Jo{\~a}o and Lynce, In{\^e}s},
  booktitle={PPCP},
  pages={941--956},
  year={2012},
  organization={Springer}
}

@inproceedings{cook1971complexity,
  title={The complexity of theorem-proving procedures},
  author={Cook, Stephen A},
  booktitle={Proceedings of the third annual ACM symposium on Theory of computing},
  pages={151--158},
  year={1971},
  organization={ACM}
}

@article{chin2008biographe,
  title={BioGraphE: high-performance bionetwork analysis using the Biological Graph Environment},
  author={Chin, George and Chavarria, Daniel G and Nakamura, Grant C and Sofia, Heidi J},
  journal={BMC bioinformatics},
  volume={9},
  number={6},
  pages={S6},
  year={2008},
  publisher={BioMed Central}
}

@article{wotzlaw2012generalized,
  title={Generalized k-ary tanglegrams on level graphs: A satisfiability-based approach and its evaluation},
  author={Wotzlaw, Andreas and Speckenmeyer, Ewald and Porschen, Stefan},
  journal={Discrete Applied Mathematics},
  volume={160},
  number={16},
  pages={2349--2363},
  year={2012},
  publisher={Elsevier}
}

@inproceedings{yordanov2013smt,
  title={SMT-based analysis of biological computation},
  author={Yordanov, Boyan and Wintersteiger, Christoph M and Hamadi, Youssef and Kugler, Hillel},
  booktitle={NASA formal methods symposium},
  pages={78--92},
  year={2013},
  organization={Springer}
}

@article{kobayashi2014ilp,
  title={ILP/SMT-based method for design of Boolean networks based on singleton attractors},
  author={Kobayashi, Koichi and Hiraishi, Kunihiko},
  journal={IEEE/ACM Transactions on Computational Biology and Bioinformatics},
  volume={11},
  number={6},
  pages={1253--1259},
  year={2014},
  publisher={IEEE}
}

@article{heule2010exact,
  title={Exact DFA identification using SAT solvers},
  author={Heule, Marijn and Verwer, Sicco},
  journal={Grammatical Inference: Theoretical Results and Applications},
  pages={66--79},
  year={2010},
  publisher={Springer}
}

@article{mangla2010timing,
  title={Timing robustness in the budding and fission yeast cell cycles},
  author={Mangla, Karan and Dill, David L and Horowitz, Mark A},
  journal={PLoS One},
  volume={5},
  number={2},
  pages={e8906},
  year={2010},
  publisher={Public Library of Science}
}

@inproceedings{gay2013solving,
  title={Solving subgraph epimorphism problems using CLP and SAT},
  author={Gay, Steven and Fages, Fran{\c{c}}ois and Santini, Francesco and Soliman, Sylvain},
  booktitle={WCB-ninth Workshop on Constraint Based Methods for Bioinformatics, colocated with CP},
  pages={67--74},
  year={2013}
}

@inproceedings{giacobbe2015model,
  title={Model Checking Gene Regulatory Networks.},
  author={Giacobbe, Mirco and Guet, Calin C and Gupta, Ashutosh and Henzinger, Thomas A and Paixao, Tiago and Petrov, Tatjana},
  booktitle={TACAS},
  year={2015}
}

@inproceedings{rosenblueth2014inference,
  title={Inference of Boolean networks from gene interaction graphs using a SAT solver},
  author={Rosenblueth, David A and Mu{\~n}oz, Stalin and Carrillo, Miguel and Azpeitia, Eugenio},
  booktitle={ICACB},
  pages={235--246},
  year={2014},
  organization={Springer}
}

@article{batt2010efficient,
  title={Efficient parameter search for qualitative models of regulatory networks using symbolic model checking},
  author={Batt, Gregory and Page, Michel and Cantone, Irene and Goessler, Gregor and Monteiro, Pedro and De Jong, Hidde},
  journal={Bioinformatics},
  volume={26},
  number={18},
  pages={i603--i610},
  year={2010},
  publisher={Oxford University Press}
}

@article{yordanov2016method,
  title={A method to identify and analyze biological programs through automated reasoning},
  author={Yordanov, Boyan and Dunn, Sara-Jane and Kugler, Hillel and Smith, Austin and Martello, Graziano and Emmott, Stephen},
  journal={NPJ systems biology and applications},
  volume={2},
  pages={16010},
  year={2016},
  publisher={Nature Publishing Group}
}

@article{dunn2014defining,
  title={Defining an essential transcription factor program for naive pluripotency},
  author={Dunn, S-J and Martello, Graziano and Yordanov, Boyan and Emmott, Stephen and Smith, AG},
  journal={Science},
  volume={344},
  number={6188},
  pages={1156--1160},
  year={2014},
  publisher={American Association for the Advancement of Science}
}

@inproceedings{paoletti2014analyzing,
  title={Analyzing and synthesizing genomic logic functions},
  author={Paoletti, Nicola and Yordanov, Boyan and Hamadi, Youssef and Wintersteiger, Christoph M and Kugler, Hillel},
  booktitle={International Conference on Computer Aided Verification},
  pages={343--357},
  year={2014},
  organization={Springer}
}

@inproceedings{koksal2013synthesis,
  title={Synthesis of biological models from mutation experiments},
  author={Koksal, Ali Sinan and Pu, Yewen and Srivastava, Saurabh and Bodik, Rastislav and Fisher, Jasmin and Piterman, Nir},
  booktitle={ACM SIGPLAN Notices},
  volume={48},
  number={1},
  pages={469--482},
  year={2013},
  organization={ACM}
}

@inproceedings{fisher2015synthesising,
  title={Synthesising executable gene regulatory networks from single-cell gene expression data},
  author={Fisher, Jasmin and K{\"o}ksal, Ali Sinan and Piterman, Nir and Woodhouse, Steven},
  booktitle={International Conference on Computer Aided Verification},
  pages={544--560},
  year={2015},
  organization={Springer}
}

@inproceedings{cardelli2017syntax,
  title={Syntax-guided optimal synthesis for chemical reaction networks},
  author={Cardelli, Luca and {\v{C}}e{\v{s}}ka, Milan and Fr{\"a}nzle, Martin and Kwiatkowska, Marta and Laurenti, Luca and Paoletti, Nicola and Whitby, Max},
  booktitle={International Conference on Computer Aided Verification},
  pages={375--395},
  year={2017},
  organization={Springer}
}

@article{shavit2016automated,
  title={Automated synthesis and analysis of switching gene regulatory networks},
  author={Shavit, Yoli and Yordanov, Boyan and Dunn, Sara-Jane and Wintersteiger, Christoph M and Otani, Tomoki and Hamadi, Youssef and Livesey, Frederick J and Kugler, Hillel},
  journal={Biosystems},
  volume={146},
  pages={26--34},
  year={2016},
  publisher={Elsevier}
}

@article{lonsing2010depqbf,
  title={DepQBF: A dependency-aware QBF solver},
  author={Lonsing, Florian and Biere, Armin},
  journal={Journal on Satisfiability, Boolean Modeling and Computation},
  volume={7},
  pages={71--76},
  year={2010}
}

@article{burri2004complete,
  title={A complete set of SNAREs in yeast},
  author={Burri, Lena and Lithgow, Trevor},
  journal={Traffic},
  volume={5},
  number={1},
  pages={45--52},
  year={2004},
  publisher={Wiley Online Library}
}

@online{qdimacs,
  author = {Qbflib.org},
  title = {{QDIMACS standard} Ver. 1.1.},
  year = 2018,
  url = {http://www.qbflib.org/qdimacs.html},
  urldate = {2018-05-3}
}

@article{van2010one,
  title={One SNARE complex is sufficient for membrane fusion},
  author={Van Den Bogaart, Geert and Holt, Matthew G and Bunt, Gertrude and Riedel, Dietmar and Wouters, Fred S and Jahn, Reinhard},
  journal={Nature Structural and Molecular Biology},
  volume={17},
  number={3},
  pages={358},
  year={2010},
  publisher={Nature Publishing Group}
}

@article{shukla2017discovering,
  title={Discovering vesicle traffic network constraints by model checking},
  author={Shukla, Ankit and Bhattacharyya, Arnab and Kuppusamy, Lakshmanan and Srivas, Mandayam and Thattai, Mukund},
  journal={PloS one},
  volume={12},
  number={7},
  pages={e0180692},
  year={2017},
  publisher={Public Library of Science}
}