@incollection{z3,
year={2008},
isbn={978-3-540-78799-0},
booktitle={Tools and Algorithms for the Construction and Analysis of Systems},
volume={4963},
series={Lecture Notes in Computer Science},
editor={Ramakrishnan, C.R. and Rehof, Jakob},
doi={10.1007/978-3-540-78800-3_24},
title={Z3: An Efficient SMT Solver},
url={http://dx.doi.org/10.1007/978-3-540-78800-3_24},
publisher={Springer Berlin Heidelberg},
author={de Moura, Leonardo and Bjorner, Nikolaj},
pages={337-340}
}

@inproceedings{TreeTiler,
  author    = {Youngjoon Jo and
               Milind Kulkarni},
  title     = {Enhancing locality for recursive traversals of recursive structures},
  booktitle = {Proceedings of the 26th Annual {ACM} {SIGPLAN} Conference on Object-Oriented
               Programming, Systems, Languages, and Applications, {OOPSLA} 2011,
               part of {SPLASH} 2011, Portland, OR, USA, October 22 - 27, 2011},
  pages     = {463--482},
  year      = {2011},
}
